@misc{github-projects-docs,
  title        = {About Projects},
  author       = {{GitHub, Inc.}},
  howpublished = {\url{https://docs.github.com/en/issues/planning-and-tracking-with-projects/learning-about-projects/about-projects}}
}